@FOOTNOTE{Note1,key="Note1",note="Fully-connected graphs are ones in which it is possible to (not necessary directly) get from every state to every other state"}
@FOOTNOTE{Note2,key="Note2",note="Throughout this text dissipation is calculated as the entorpy production rate, $\Delta S_i = \frac {1}{2}\sum _{i,j}(k_{ij}\rho _j-k_{ji}\rho _i)\ln {\frac {k_{ij}\rho _j}{k_{ji}\rho _i}}$"}
@FOOTNOTE{Note3,key="Note3",note="An $N$-loop network will strictly speaking be composed of $2N+1$ loops, $N$ on each side of the ladder and a single reactant node."}
